@inproceedings{Holmes:13,
	author = {Challis, R. E. and Holmes, A. K.},
	title = {Broadband {S}cattering {M}easurements by {A}coustic {S}pectrometer},
	crossref = {IOA-1991:13},
	pages = {52--62},
}

@proceedings{IOA-1991:13,
	title = {Proceedings of the Institute of Acoustics},
	booktitle = {Proceedings of the Institute of Acoustics},
	year = 1991,
	volume = 13,
	series = 2,
}

@inproceedings{Danisor:50,
	author = {Petculescu, P. and Zagan, R. and Prodan, G. C. and Danisor, A.},
	title = {Ultrasonic {S}pectroscopy based on {W}avelets {T}ransform for {M}aterials {C}haracterization},
	crossref = {RJP:50},
	pages	= {701--710},
	note = {\href{http://www.nipne.ro/rjp/2005_50_7-8/0701_0711.pdf}{paper via RJP}},
}

@proceedings{RJP:50,
	title = {Theoretical physics. Proceedings, 2nd National Romanian Conference},
	booktitle = {Theoretical physics. Proceedings, 2nd National Romanian Conference},
	month	= {July}
	year = 2004,
	volume = 50,
	venue	= {Constanta, Romania},
}

@article{Gomez-2003,
	author = {G{\'o}mez, Tom{\'a}s E. and {\'A}lvarez-{\'A}renas},
	title = {Air-coupled ultrasonic spectroscopy for the study of membrane filters},
	journal = {Journal of Membrane Science},
	year = 2003,
	volume = 213,
	pages = {195-207},
	month = 3,
	publisher = {Elsevier Science Publishers Ltd},
	note = {\href{http://www.sciencedirect.com/science/article/pii/S0376738802005276/pdfft?md5=ca567062299e813d31214739f8edfb16&pid=1-s2.0-S0376738802005276-main.pdf}{paper via ScienceDirect}},
}

@article{Meyer-2009,
	author = {Stefan Meyer and Rajendram, Vijaya S. and Povey, Malcom J.W.},
	title = {Characterization of Reconstituted Milk Powder by Ultrasound Spectroscopy},
	journal = {Journal of Food Quality},
	year = 2006,
	volume = 29,
	pages = {405-418},
	publisher = {Blackwell Publishing},
	doi = {10.1111/j.1745-4557.2006.00082.x}
	note = {\href{http://onlinelibrary.wiley.com/doi/10.1111/j.1745-4557.2006.00082.x/epdf}{paper via Wiley Online Library},
}

@article{McClements-2000,
	author = {Asylbek Kulmyrzaev and Carlotta Cancelliere and McClements, David Julian},
	title = {Characterization of aerated foods using ultrasonic reflectance spectroscopy},
	journal = {Journal of food engineering},
	year = 2000,
	volume = 46,
	number = 4,
	pages = {235-241},
	publisher = {Elsevier Science Publishers Ltd},
}

@article{McClements-1988,
	author = {Povey, M. J. and McClements, David Julian},
	title = {Ultrasonics in Food Engineering. Part I: Introduction and Experimental Methods},
	journal = {Journal of Food Engineering},
	year = 1988,
	volume = 8,
	number = 4,
	pages = {217-245},
	publisher = {Elsevier Science Publishers Ltd},
}

@article{Povey-1989,
	author = {Povey, M. J.},
	title = {Ultrasonics in Food Engineering Part II: Applications},
	journal = {Journal of Food Engineering},
	year = 1989,
	volume = 9,
	number = 1,
	pages = {1-20},
	publisher = {Elsevier Science Publishers Ltd},
}

@article{McClements-,
	author = {},
	title = {},
	journal = {},
	year = ,
	volume = ,
	number = ,
	pages = {},
	publisher = {},
}